<?xml version="1.0" encoding="UTF-8"?><record xmlns="http://www.loc.gov/MARC21/slim" xmlns:cinclude="http://apache.org/cocoon/include/1.0" xmlns:zs="http://www.loc.gov/zing/srw/">
  <leader>00594cz  a2200157n  4500</leader>
  <controlfield tag="001">n 2010082162</controlfield>
  <controlfield tag="003">DLC</controlfield>
  <controlfield tag="005">20101222074922.0</controlfield>
  <controlfield tag="008">101221n| acannaabn          |b aaa      </controlfield>
  <datafield tag="010" ind1=" " ind2=" ">
    <subfield code="a">n 2010082162</subfield>
  </datafield>
  <datafield tag="040" ind1=" " ind2=" ">
    <subfield code="a">DLC</subfield>
    <subfield code="b">eng</subfield>
    <subfield code="c">DLC</subfield>
  </datafield>
  <datafield tag="100" ind1="1" ind2=" ">
    <subfield code="a">Grigorʹev, Igorʹ,</subfield>
    <subfield code="d">1921-</subfield>
  </datafield>
  <datafield tag="400" ind1="1" ind2=" ">
    <subfield code="a">Grigorʹev, I. K.</subfield>
    <subfield code="q">(Igorʹ Kuzʹmich),</subfield>
    <subfield code="d">1921-</subfield>
  </datafield>
  <datafield tag="400" ind1="1" ind2=" ">
    <subfield code="a">Григорьев, Игорь,</subfield>
    <subfield code="d">1921-</subfield>
  </datafield>
  <datafield tag="667" ind1=" " ind2=" ">
    <subfield code="a">Non-Latin script reference not evaluated.</subfield>
  </datafield>
  <datafield tag="670" ind1=" " ind2=" ">
    <subfield code="a">Moĭ Krym, 2007:</subfield>
    <subfield code="b">t.p. (Igorʹ Grigorʹev = Игорь Григорьев) t.p. verso (Igori︠a︡ Kuzʹmicha Grigorʹeva, b. 1921 ; Grigorʹev I.K.)</subfield>
  </datafield>
</record>